%YAML 1.1
%TAG !u! tag:unity3d.com,2011:
--- !u!1 &1527462253977076589
GameObject:
  m_ObjectHideFlags: 0
  m_CorrespondingSourceObject: {fileID: 0}
  m_PrefabInstance: {fileID: 0}
  m_PrefabAsset: {fileID: 0}
  serializedVersion: 6
  m_Component:
  - component: {fileID: 3529260610377733039}
  - component: {fileID: 3315108100276072265}
  m_Layer: 8
  m_Name: BulletPos
  m_TagString: Untagged
  m_Icon: {fileID: 0}
  m_NavMeshLayer: 0
  m_StaticEditorFlags: 0
  m_IsActive: 1
--- !u!4 &3529260610377733039
Transform:
  m_ObjectHideFlags: 0
  m_CorrespondingSourceObject: {fileID: 0}
  m_PrefabInstance: {fileID: 0}
  m_PrefabAsset: {fileID: 0}
  m_GameObject: {fileID: 1527462253977076589}
  m_LocalRotation: {x: -0, y: -0, z: 0.13890685, w: 0.9903055}
  m_LocalPosition: {x: -1.6469612, y: 3.9845011, z: 0}
  m_LocalScale: {x: 1, y: 1, z: 1}
  m_ConstrainProportionsScale: 0
  m_Children: []
  m_Father: {fileID: 7726529330297060916}
  m_RootOrder: 3
  m_LocalEulerAnglesHint: {x: 0, y: 0, z: 0}
--- !u!114 &3315108100276072265
MonoBehaviour:
  m_ObjectHideFlags: 0
  m_CorrespondingSourceObject: {fileID: 0}
  m_PrefabInstance: {fileID: 0}
  m_PrefabAsset: {fileID: 0}
  m_GameObject: {fileID: 1527462253977076589}
  m_Enabled: 1
  m_EditorHideFlags: 0
  m_Script: {fileID: 11500000, guid: a1fd8daaed7b64148a34acb96ba14ce1, type: 3}
  m_Name: 
  m_EditorClassIdentifier: 
  skeletonRenderer: {fileID: 4733016057575769064}
  boneName: eye
  followXYPosition: 1
  followZPosition: 1
  followBoneRotation: 1
  followSkeletonFlip: 1
  followLocalScale: 0
  maintainedAxisOrientation: 1
  initializeOnAwake: 1
--- !u!1 &1673392692112716985
GameObject:
  m_ObjectHideFlags: 0
  m_CorrespondingSourceObject: {fileID: 0}
  m_PrefabInstance: {fileID: 0}
  m_PrefabAsset: {fileID: 0}
  serializedVersion: 6
  m_Component:
  - component: {fileID: 7682958367511367328}
  - component: {fileID: 65759318437272152}
  - component: {fileID: 285169053624055456}
  m_Layer: 8
  m_Name: HealthBar
  m_TagString: Untagged
  m_Icon: {fileID: 0}
  m_NavMeshLayer: 0
  m_StaticEditorFlags: 0
  m_IsActive: 1
--- !u!4 &7682958367511367328
Transform:
  m_ObjectHideFlags: 0
  m_CorrespondingSourceObject: {fileID: 0}
  m_PrefabInstance: {fileID: 0}
  m_PrefabAsset: {fileID: 0}
  m_GameObject: {fileID: 1673392692112716985}
  m_LocalRotation: {x: 0, y: 0, z: 0, w: 1}
  m_LocalPosition: {x: 0, y: 8.6, z: 0}
  m_LocalScale: {x: 0.7, y: 0.4, z: 1}
  m_ConstrainProportionsScale: 0
  m_Children:
  - {fileID: 5279704262818805272}
  - {fileID: 3373885549650330216}
  m_Father: {fileID: 7726529330297060916}
  m_RootOrder: 1
  m_LocalEulerAnglesHint: {x: 0, y: 0, z: 0}
--- !u!212 &65759318437272152
SpriteRenderer:
  m_ObjectHideFlags: 0
  m_CorrespondingSourceObject: {fileID: 0}
  m_PrefabInstance: {fileID: 0}
  m_PrefabAsset: {fileID: 0}
  m_GameObject: {fileID: 1673392692112716985}
  m_Enabled: 1
  m_CastShadows: 0
  m_ReceiveShadows: 0
  m_DynamicOccludee: 1
  m_StaticShadowCaster: 0
  m_MotionVectors: 1
  m_LightProbeUsage: 1
  m_ReflectionProbeUsage: 1
  m_RayTracingMode: 0
  m_RayTraceProcedural: 0
  m_RenderingLayerMask: 1
  m_RendererPriority: 0
  m_Materials:
  - {fileID: 10754, guid: 0000000000000000f000000000000000, type: 0}
  m_StaticBatchInfo:
    firstSubMesh: 0
    subMeshCount: 0
  m_StaticBatchRoot: {fileID: 0}
  m_ProbeAnchor: {fileID: 0}
  m_LightProbeVolumeOverride: {fileID: 0}
  m_ScaleInLightmap: 1
  m_ReceiveGI: 1
  m_PreserveUVs: 0
  m_IgnoreNormalsForChartDetection: 0
  m_ImportantGI: 0
  m_StitchLightmapSeams: 1
  m_SelectedEditorRenderState: 0
  m_MinimumChartSize: 4
  m_AutoUVMaxDistance: 0.5
  m_AutoUVMaxAngle: 89
  m_LightmapParameters: {fileID: 0}
  m_SortingLayerID: 1772370181
  m_SortingLayer: 2
  m_SortingOrder: 3
  m_Sprite: {fileID: 21300000, guid: 8e639cd34790b0c43a2b64cccb423819, type: 3}
  m_Color: {r: 0, g: 0, b: 0, a: 1}
  m_FlipX: 0
  m_FlipY: 0
  m_DrawMode: 1
  m_Size: {x: 4.73, y: 1}
  m_AdaptiveModeThreshold: 0.5
  m_SpriteTileMode: 0
  m_WasSpriteAssigned: 0
  m_MaskInteraction: 0
  m_SpriteSortPoint: 0
--- !u!114 &285169053624055456
MonoBehaviour:
  m_ObjectHideFlags: 0
  m_CorrespondingSourceObject: {fileID: 0}
  m_PrefabInstance: {fileID: 0}
  m_PrefabAsset: {fileID: 0}
  m_GameObject: {fileID: 1673392692112716985}
  m_Enabled: 1
  m_EditorHideFlags: 0
  m_Script: {fileID: 11500000, guid: 25ef8e60c8ffcf5429efa8cf4920d937, type: 3}
  m_Name: 
  m_EditorClassIdentifier: 
  white: {fileID: 1894586098234644035}
  red: {fileID: 8581931929317912260}
  value: {fileID: 0}
--- !u!1 &1894586098234644035
GameObject:
  m_ObjectHideFlags: 0
  m_CorrespondingSourceObject: {fileID: 0}
  m_PrefabInstance: {fileID: 0}
  m_PrefabAsset: {fileID: 0}
  serializedVersion: 6
  m_Component:
  - component: {fileID: 5279704262818805272}
  - component: {fileID: 2128455353514303073}
  m_Layer: 8
  m_Name: Square (1)
  m_TagString: Untagged
  m_Icon: {fileID: 0}
  m_NavMeshLayer: 0
  m_StaticEditorFlags: 0
  m_IsActive: 1
--- !u!4 &5279704262818805272
Transform:
  m_ObjectHideFlags: 0
  m_CorrespondingSourceObject: {fileID: 0}
  m_PrefabInstance: {fileID: 0}
  m_PrefabAsset: {fileID: 0}
  m_GameObject: {fileID: 1894586098234644035}
  m_LocalRotation: {x: -0, y: -0, z: -0, w: 1}
  m_LocalPosition: {x: -2.3, y: 0, z: 0}
  m_LocalScale: {x: 1, y: 1, z: 1}
  m_ConstrainProportionsScale: 0
  m_Children: []
  m_Father: {fileID: 7682958367511367328}
  m_RootOrder: 0
  m_LocalEulerAnglesHint: {x: 0, y: 0, z: 0}
--- !u!212 &2128455353514303073
SpriteRenderer:
  m_ObjectHideFlags: 0
  m_CorrespondingSourceObject: {fileID: 0}
  m_PrefabInstance: {fileID: 0}
  m_PrefabAsset: {fileID: 0}
  m_GameObject: {fileID: 1894586098234644035}
  m_Enabled: 1
  m_CastShadows: 0
  m_ReceiveShadows: 0
  m_DynamicOccludee: 1
  m_StaticShadowCaster: 0
  m_MotionVectors: 1
  m_LightProbeUsage: 1
  m_ReflectionProbeUsage: 1
  m_RayTracingMode: 0
  m_RayTraceProcedural: 0
  m_RenderingLayerMask: 1
  m_RendererPriority: 0
  m_Materials:
  - {fileID: 10754, guid: 0000000000000000f000000000000000, type: 0}
  m_StaticBatchInfo:
    firstSubMesh: 0
    subMeshCount: 0
  m_StaticBatchRoot: {fileID: 0}
  m_ProbeAnchor: {fileID: 0}
  m_LightProbeVolumeOverride: {fileID: 0}
  m_ScaleInLightmap: 1
  m_ReceiveGI: 1
  m_PreserveUVs: 0
  m_IgnoreNormalsForChartDetection: 0
  m_ImportantGI: 0
  m_StitchLightmapSeams: 1
  m_SelectedEditorRenderState: 0
  m_MinimumChartSize: 4
  m_AutoUVMaxDistance: 0.5
  m_AutoUVMaxAngle: 89
  m_LightmapParameters: {fileID: 0}
  m_SortingLayerID: 1772370181
  m_SortingLayer: 2
  m_SortingOrder: 4
  m_Sprite: {fileID: 21300000, guid: ee26424d1eff11448841f52892f03236, type: 3}
  m_Color: {r: 1, g: 1, b: 1, a: 1}
  m_FlipX: 0
  m_FlipY: 0
  m_DrawMode: 1
  m_Size: {x: 4.6, y: 1}
  m_AdaptiveModeThreshold: 0.5
  m_SpriteTileMode: 0
  m_WasSpriteAssigned: 1
  m_MaskInteraction: 0
  m_SpriteSortPoint: 0
--- !u!1 &3806657852913929264
GameObject:
  m_ObjectHideFlags: 0
  m_CorrespondingSourceObject: {fileID: 0}
  m_PrefabInstance: {fileID: 0}
  m_PrefabAsset: {fileID: 0}
  serializedVersion: 6
  m_Component:
  - component: {fileID: 2611557279707738498}
  m_Layer: 8
  m_Name: HitPos
  m_TagString: Untagged
  m_Icon: {fileID: 0}
  m_NavMeshLayer: 0
  m_StaticEditorFlags: 0
  m_IsActive: 1
--- !u!4 &2611557279707738498
Transform:
  m_ObjectHideFlags: 0
  m_CorrespondingSourceObject: {fileID: 0}
  m_PrefabInstance: {fileID: 0}
  m_PrefabAsset: {fileID: 0}
  m_GameObject: {fileID: 3806657852913929264}
  m_LocalRotation: {x: 0, y: 0, z: 0, w: 1}
  m_LocalPosition: {x: -0.65, y: 2.48, z: 0}
  m_LocalScale: {x: 1, y: 1, z: 1}
  m_ConstrainProportionsScale: 0
  m_Children: []
  m_Father: {fileID: 7726529330297060916}
  m_RootOrder: 2
  m_LocalEulerAnglesHint: {x: 0, y: 0, z: 0}
--- !u!1 &4733016057575769070
GameObject:
  m_ObjectHideFlags: 0
  m_CorrespondingSourceObject: {fileID: 0}
  m_PrefabInstance: {fileID: 0}
  m_PrefabAsset: {fileID: 0}
  serializedVersion: 6
  m_Component:
  - component: {fileID: 4733016057575769061}
  - component: {fileID: 4733016057575769062}
  - component: {fileID: 4733016057575769063}
  - component: {fileID: 4733016057575769064}
  - component: {fileID: 4733016057575769066}
  - component: {fileID: 771646830632121943}
  - component: {fileID: 5518093896152255816}
  m_Layer: 8
  m_Name: Enemy_Moto_1
  m_TagString: Untagged
  m_Icon: {fileID: 0}
  m_NavMeshLayer: 0
  m_StaticEditorFlags: 0
  m_IsActive: 1
--- !u!4 &4733016057575769061
Transform:
  m_ObjectHideFlags: 0
  m_CorrespondingSourceObject: {fileID: 0}
  m_PrefabInstance: {fileID: 0}
  m_PrefabAsset: {fileID: 0}
  m_GameObject: {fileID: 4733016057575769070}
  m_LocalRotation: {x: -0, y: -0, z: -0, w: 1}
  m_LocalPosition: {x: 0, y: 0, z: 0}
  m_LocalScale: {x: 0.65, y: 0.65, z: 0.65}
  m_ConstrainProportionsScale: 0
  m_Children:
  - {fileID: 6351701789921617409}
  m_Father: {fileID: 7726529330297060916}
  m_RootOrder: 0
  m_LocalEulerAnglesHint: {x: 0, y: 0, z: 0}
--- !u!33 &4733016057575769062
MeshFilter:
  m_ObjectHideFlags: 0
  m_CorrespondingSourceObject: {fileID: 0}
  m_PrefabInstance: {fileID: 0}
  m_PrefabAsset: {fileID: 0}
  m_GameObject: {fileID: 4733016057575769070}
  m_Mesh: {fileID: 0}
--- !u!23 &4733016057575769063
MeshRenderer:
  m_ObjectHideFlags: 0
  m_CorrespondingSourceObject: {fileID: 0}
  m_PrefabInstance: {fileID: 0}
  m_PrefabAsset: {fileID: 0}
  m_GameObject: {fileID: 4733016057575769070}
  m_Enabled: 1
  m_CastShadows: 1
  m_ReceiveShadows: 1
  m_DynamicOccludee: 1
  m_StaticShadowCaster: 0
  m_MotionVectors: 1
  m_LightProbeUsage: 1
  m_ReflectionProbeUsage: 1
  m_RayTracingMode: 2
  m_RayTraceProcedural: 0
  m_RenderingLayerMask: 1
  m_RendererPriority: 0
  m_Materials:
  - {fileID: 2100000, guid: 240a594862e9a2b4897fc42720bb7add, type: 2}
  m_StaticBatchInfo:
    firstSubMesh: 0
    subMeshCount: 0
  m_StaticBatchRoot: {fileID: 0}
  m_ProbeAnchor: {fileID: 0}
  m_LightProbeVolumeOverride: {fileID: 0}
  m_ScaleInLightmap: 1
  m_ReceiveGI: 1
  m_PreserveUVs: 0
  m_IgnoreNormalsForChartDetection: 0
  m_ImportantGI: 0
  m_StitchLightmapSeams: 1
  m_SelectedEditorRenderState: 3
  m_MinimumChartSize: 4
  m_AutoUVMaxDistance: 0.5
  m_AutoUVMaxAngle: 89
  m_LightmapParameters: {fileID: 0}
  m_SortingLayerID: 1772370181
  m_SortingLayer: 2
  m_SortingOrder: 12
  m_AdditionalVertexStreams: {fileID: 0}
--- !u!114 &4733016057575769064
MonoBehaviour:
  m_ObjectHideFlags: 0
  m_CorrespondingSourceObject: {fileID: 0}
  m_PrefabInstance: {fileID: 0}
  m_PrefabAsset: {fileID: 0}
  m_GameObject: {fileID: 4733016057575769070}
  m_Enabled: 1
  m_EditorHideFlags: 0
  m_Script: {fileID: 11500000, guid: d247ba06193faa74d9335f5481b2b56c, type: 3}
  m_Name: 
  m_EditorClassIdentifier: 
  skeletonDataAsset: {fileID: 11400000, guid: 82cc0bed3db9c53408532394ff79b263, type: 2}
  initialSkinName: 1
  initialFlipX: 0
  initialFlipY: 0
  updateWhenInvisible: 3
  separatorSlotNames: []
  zSpacing: 0
  useClipping: 1
  immutableTriangles: 0
  pmaVertexColors: 1
  clearStateOnDisable: 0
  tintBlack: 0
  singleSubmesh: 0
  fixDrawOrder: 0
  addNormals: 0
  calculateTangents: 0
  maskInteraction: 0
  maskMaterials:
    materialsMaskDisabled: []
    materialsInsideMask: []
    materialsOutsideMask: []
  disableRenderingOnOverride: 1
  _animationName: 
  loop: 0
  timeScale: 1
--- !u!114 &4733016057575769066
MonoBehaviour:
  m_ObjectHideFlags: 0
  m_CorrespondingSourceObject: {fileID: 0}
  m_PrefabInstance: {fileID: 0}
  m_PrefabAsset: {fileID: 0}
  m_GameObject: {fileID: 4733016057575769070}
  m_Enabled: 1
  m_EditorHideFlags: 0
  m_Script: {fileID: 11500000, guid: a26f91142a98cce47a4287cfcf0a48b9, type: 3}
  m_Name: 
  m_EditorClassIdentifier: 
  isQuery: 0
  queryIndexs: 
  autoKill: 0
  liveTime: 0
  OnSpawnEvent:
    m_PersistentCalls:
      m_Calls: []
  OnDespawnEvent:
    m_PersistentCalls:
      m_Calls: []
  id: 0
  anim: {fileID: 4733016057575769064}
  render: {fileID: 4733016057575769063}
  characterName: Enemy_4
  description: Enemy_4
  moveSpeed:
    _useConstant: 0
    _constantValue: 0
    _variable: {fileID: 0}
  visionRadius: 0
  safeZone: 0
  boneTay: {fileID: 0}
  ghost: {fileID: 0}
  spineData:
    dataAsset: {fileID: 11400000, guid: 82cc0bed3db9c53408532394ff79b263, type: 2}
    skeletonMaterial: {fileID: 2100000, guid: 240a594862e9a2b4897fc42720bb7add, type: 2}
    skeAnim: {fileID: 4733016057575769064}
    skins:
    - 1
    - 2
    skinsNV: []
    skinsVK: []
    AllBones:
    - root
    - MAIN
    - bone4
    - bone
    - f_wing
    - b_wing
    - bone2
    - bone3
    - -1/motion_check
    - hat
    - eye
    - leg_1
    - leg_2
    - leg_3
    - leg_4
    - leg_5
    - leg_6
    - leg_7
    - leg_8
    - leg_9
    boneDatas: []
  animInfos:
  - id: 0
    animDatas:
    - id: 0
      anim: {fileID: 11400000, guid: b94293e77e427c34286253efaa8258d3, type: 2}
      animEventNormal: 0
      animEvent: 0
      duration: 0
      effects: []
  - id: 1
    animDatas:
    - id: 1
      anim: {fileID: 11400000, guid: b94293e77e427c34286253efaa8258d3, type: 2}
      animEventNormal: 0
      animEvent: 0
      duration: 0
      effects: []
  - id: 2
    animDatas:
    - id: 2
      anim: {fileID: 11400000, guid: 5728ce1ef82cee44dbe1bc32c9731b77, type: 2}
      animEventNormal: 0
      animEvent: 0
      duration: 0
      effects: []
  - id: 3
    animDatas:
    - id: 3
      anim: {fileID: 11400000, guid: 3285e603cb062a847ab644038aa80418, type: 2}
      animEventNormal: 0
      animEvent: 0
      duration: 0
      effects: []
  - id: 4
    animDatas:
    - id: 4
      anim: {fileID: 11400000, guid: c5d9d48014f7c8343a01dfec308e645e, type: 2}
      animEventNormal: 0
      animEvent: 0
      duration: 0
      effects: []
  - id: 5
    animDatas:
    - id: 5
      anim: {fileID: 11400000, guid: cc58337d41657124ea58b7bf5c974d27, type: 2}
      animEventNormal: 0
      animEvent: 0
      duration: 0
      effects: []
  - id: 6
    animDatas:
    - id: 6
      anim: {fileID: 11400000, guid: c5d9d48014f7c8343a01dfec308e645e, type: 2}
      animEventNormal: 0
      animEvent: 0
      duration: 0
      effects: []
  - id: 12
    animDatas:
    - id: 12
      anim: {fileID: 11400000, guid: c5d9d48014f7c8343a01dfec308e645e, type: 2}
      animEventNormal: 0
      animEvent: 0
      duration: 0
      effects: []
--- !u!114 &771646830632121943
MonoBehaviour:
  m_ObjectHideFlags: 0
  m_CorrespondingSourceObject: {fileID: 0}
  m_PrefabInstance: {fileID: 0}
  m_PrefabAsset: {fileID: 0}
  m_GameObject: {fileID: 4733016057575769070}
  m_Enabled: 1
  m_EditorHideFlags: 0
  m_Script: {fileID: 11500000, guid: 7f726fb798ad621458c431cb9966d91d, type: 3}
  m_Name: 
  m_EditorClassIdentifier: 
  boneRoot: {fileID: 0}
  flipBy180DegreeRotation: 0
  skeletonRenderer: {fileID: 4733016057575769064}
  skeletonGraphic: {fileID: 0}
--- !u!114 &5518093896152255816
MonoBehaviour:
  m_ObjectHideFlags: 0
  m_CorrespondingSourceObject: {fileID: 0}
  m_PrefabInstance: {fileID: 0}
  m_PrefabAsset: {fileID: 0}
  m_GameObject: {fileID: 4733016057575769070}
  m_Enabled: 1
  m_EditorHideFlags: 0
  m_Script: {fileID: 11500000, guid: f21c9538588898a45a3da22bf4779ab3, type: 3}
  m_Name: 
  m_EditorClassIdentifier: 
  rootMotionBoneName: root
  transformPositionX: 1
  transformPositionY: 1
  rootMotionScaleX: 1
  rootMotionScaleY: 1
  rootMotionTranslateXPerY: 0
  rootMotionTranslateYPerX: 0
  rigidBody2D: {fileID: 7726529330297060874}
  rigidBody: {fileID: 0}
  animationTrackFlags: -1
--- !u!1 &5391444740338946699
GameObject:
  m_ObjectHideFlags: 0
  m_CorrespondingSourceObject: {fileID: 0}
  m_PrefabInstance: {fileID: 0}
  m_PrefabAsset: {fileID: 0}
  serializedVersion: 6
  m_Component:
  - component: {fileID: 6351701789921617409}
  m_Layer: 8
  m_Name: Skin
  m_TagString: Untagged
  m_Icon: {fileID: 0}
  m_NavMeshLayer: 0
  m_StaticEditorFlags: 0
  m_IsActive: 1
--- !u!4 &6351701789921617409
Transform:
  m_ObjectHideFlags: 0
  m_CorrespondingSourceObject: {fileID: 0}
  m_PrefabInstance: {fileID: 0}
  m_PrefabAsset: {fileID: 0}
  m_GameObject: {fileID: 5391444740338946699}
  m_LocalRotation: {x: 0, y: 0, z: 0, w: 1}
  m_LocalPosition: {x: 0, y: 0, z: 0}
  m_LocalScale: {x: 1, y: 1, z: 1}
  m_ConstrainProportionsScale: 0
  m_Children: []
  m_Father: {fileID: 4733016057575769061}
  m_RootOrder: 0
  m_LocalEulerAnglesHint: {x: 0, y: 0, z: 0}
--- !u!1 &7726529330297060873
GameObject:
  m_ObjectHideFlags: 0
  m_CorrespondingSourceObject: {fileID: 0}
  m_PrefabInstance: {fileID: 0}
  m_PrefabAsset: {fileID: 0}
  serializedVersion: 6
  m_Component:
  - component: {fileID: 7726529330297060916}
  - component: {fileID: 7726529330297060917}
  - component: {fileID: 7726529330297060874}
  - component: {fileID: 7726529330297060875}
  - component: {fileID: 7726529330297060919}
  - component: {fileID: 6105503967198080953}
  m_Layer: 8
  m_Name: Enemy_Fly_Far_1
  m_TagString: Enemy
  m_Icon: {fileID: 0}
  m_NavMeshLayer: 0
  m_StaticEditorFlags: 0
  m_IsActive: 1
--- !u!4 &7726529330297060916
Transform:
  m_ObjectHideFlags: 0
  m_CorrespondingSourceObject: {fileID: 0}
  m_PrefabInstance: {fileID: 0}
  m_PrefabAsset: {fileID: 0}
  m_GameObject: {fileID: 7726529330297060873}
  m_LocalRotation: {x: 0, y: 0, z: 0, w: 1}
  m_LocalPosition: {x: 0, y: 0, z: 0}
  m_LocalScale: {x: 0.4, y: 0.4, z: 0.4}
  m_ConstrainProportionsScale: 0
  m_Children:
  - {fileID: 4733016057575769061}
  - {fileID: 7682958367511367328}
  - {fileID: 2611557279707738498}
  - {fileID: 3529260610377733039}
  - {fileID: 7913297230429931579}
  m_Father: {fileID: 0}
  m_RootOrder: 0
  m_LocalEulerAnglesHint: {x: 0, y: 0, z: 0}
--- !u!70 &7726529330297060917
CapsuleCollider2D:
  m_ObjectHideFlags: 0
  m_CorrespondingSourceObject: {fileID: 0}
  m_PrefabInstance: {fileID: 0}
  m_PrefabAsset: {fileID: 0}
  m_GameObject: {fileID: 7726529330297060873}
  m_Enabled: 1
  m_Density: 1
  m_Material: {fileID: 0}
  m_IsTrigger: 0
  m_UsedByEffector: 0
  m_UsedByComposite: 0
  m_Offset: {x: -0.13000004, y: 3.916422}
  m_Size: {x: 1.704915, y: 6.210396}
  m_Direction: 0
--- !u!50 &7726529330297060874
Rigidbody2D:
  serializedVersion: 4
  m_ObjectHideFlags: 0
  m_CorrespondingSourceObject: {fileID: 0}
  m_PrefabInstance: {fileID: 0}
  m_PrefabAsset: {fileID: 0}
  m_GameObject: {fileID: 7726529330297060873}
  m_BodyType: 0
  m_Simulated: 1
  m_UseFullKinematicContacts: 0
  m_UseAutoMass: 0
  m_Mass: 1
  m_LinearDrag: 0
  m_AngularDrag: 0.05
  m_GravityScale: 0
  m_Material: {fileID: 0}
  m_Interpolate: 0
  m_SleepingMode: 1
  m_CollisionDetection: 0
  m_Constraints: 4
--- !u!114 &7726529330297060875
MonoBehaviour:
  m_ObjectHideFlags: 0
  m_CorrespondingSourceObject: {fileID: 0}
  m_PrefabInstance: {fileID: 0}
  m_PrefabAsset: {fileID: 0}
  m_GameObject: {fileID: 7726529330297060873}
  m_Enabled: 1
  m_EditorHideFlags: 0
  m_Script: {fileID: 11500000, guid: 83f16186e29606c4ba72ca1f88c07b57, type: 3}
  m_Name: 
  m_EditorClassIdentifier: 
  skin: {fileID: 4733016057575769066}
  anim: {fileID: 4733016057575769064}
--- !u!114 &7726529330297060919
MonoBehaviour:
  m_ObjectHideFlags: 0
  m_CorrespondingSourceObject: {fileID: 0}
  m_PrefabInstance: {fileID: 0}
  m_PrefabAsset: {fileID: 0}
  m_GameObject: {fileID: 7726529330297060873}
  m_Enabled: 1
  m_EditorHideFlags: 0
  m_Script: {fileID: 11500000, guid: 8380ce06fa9ecb949a96ea6cd0644f97, type: 3}
  m_Name: 
  m_EditorClassIdentifier: 
  isQuery: 0
  queryIndexs: 
  autoKill: 0
  liveTime: 0
  OnSpawnEvent:
    m_PersistentCalls:
      m_Calls: []
  OnDespawnEvent:
    m_PersistentCalls:
      m_Calls: []
  id: 655
--- !u!114 &6105503967198080953
MonoBehaviour:
  m_ObjectHideFlags: 0
  m_CorrespondingSourceObject: {fileID: 0}
  m_PrefabInstance: {fileID: 0}
  m_PrefabAsset: {fileID: 0}
  m_GameObject: {fileID: 7726529330297060873}
  m_Enabled: 1
  m_EditorHideFlags: 0
  m_Script: {fileID: 11500000, guid: 20572ab7250ec714f9f6bf3d9e01c33c, type: 3}
  m_Name: 
  m_EditorClassIdentifier: 
  typeEnemy: 2
  healthBase: 20
  health: 0
  damage: 5.5
  healthConst: 0
  speed: 0
  speedBase: 15
  SpeedGrowingUp: 0
  RandomSpeed: 0
  distanceAttack: 25
  damageGiven: 0
  target: {fileID: 0}
  anim: {fileID: 7726529330297060875}
  pool: {fileID: 7726529330297060919}
  healthBar: {fileID: 285169053624055456}
  hitPos: {fileID: 2611557279707738498}
  timeInState: 0
  randomDistanceAttack: 0
  enemyState: 0
  capsuleCollider2D: {fileID: 7726529330297060917}
  targetComeTo: {x: 0, y: 0, z: 0}
  hitEffect: 800
  fxDie: 3300
  hitFx: {fileID: 0}
  meshRenderer: {fileID: 4733016057575769063}
  enemyStatsNormal: {fileID: 11400000, guid: ab1e4423614b3164b8a70a3784f591bb, type: 2}
  enemyStatsEndless:
    hp: 175
    atk: 25
  skinsEnemy:
  - 1
  - 2
  distanceAttackSkill: 0
  isRandomSkin: 0
  posFloatingHealth: {fileID: 7913297230429931579}
  canBeSlow: 0
  bulletPos: {fileID: 3529260610377733039}
--- !u!1 &8581931929317912260
GameObject:
  m_ObjectHideFlags: 0
  m_CorrespondingSourceObject: {fileID: 0}
  m_PrefabInstance: {fileID: 0}
  m_PrefabAsset: {fileID: 0}
  serializedVersion: 6
  m_Component:
  - component: {fileID: 3373885549650330216}
  - component: {fileID: 2103363909542862520}
  m_Layer: 8
  m_Name: Square (2)
  m_TagString: Untagged
  m_Icon: {fileID: 0}
  m_NavMeshLayer: 0
  m_StaticEditorFlags: 0
  m_IsActive: 1
--- !u!4 &3373885549650330216
Transform:
  m_ObjectHideFlags: 0
  m_CorrespondingSourceObject: {fileID: 0}
  m_PrefabInstance: {fileID: 0}
  m_PrefabAsset: {fileID: 0}
  m_GameObject: {fileID: 8581931929317912260}
  m_LocalRotation: {x: -0, y: -0, z: -0, w: 1}
  m_LocalPosition: {x: -2.2999992, y: 0, z: 0}
  m_LocalScale: {x: 1, y: 1, z: 1}
  m_ConstrainProportionsScale: 0
  m_Children: []
  m_Father: {fileID: 7682958367511367328}
  m_RootOrder: 1
  m_LocalEulerAnglesHint: {x: 0, y: 0, z: 0}
--- !u!212 &2103363909542862520
SpriteRenderer:
  m_ObjectHideFlags: 0
  m_CorrespondingSourceObject: {fileID: 0}
  m_PrefabInstance: {fileID: 0}
  m_PrefabAsset: {fileID: 0}
  m_GameObject: {fileID: 8581931929317912260}
  m_Enabled: 1
  m_CastShadows: 0
  m_ReceiveShadows: 0
  m_DynamicOccludee: 1
  m_StaticShadowCaster: 0
  m_MotionVectors: 1
  m_LightProbeUsage: 1
  m_ReflectionProbeUsage: 1
  m_RayTracingMode: 0
  m_RayTraceProcedural: 0
  m_RenderingLayerMask: 1
  m_RendererPriority: 0
  m_Materials:
  - {fileID: 10754, guid: 0000000000000000f000000000000000, type: 0}
  m_StaticBatchInfo:
    firstSubMesh: 0
    subMeshCount: 0
  m_StaticBatchRoot: {fileID: 0}
  m_ProbeAnchor: {fileID: 0}
  m_LightProbeVolumeOverride: {fileID: 0}
  m_ScaleInLightmap: 1
  m_ReceiveGI: 1
  m_PreserveUVs: 0
  m_IgnoreNormalsForChartDetection: 0
  m_ImportantGI: 0
  m_StitchLightmapSeams: 1
  m_SelectedEditorRenderState: 0
  m_MinimumChartSize: 4
  m_AutoUVMaxDistance: 0.5
  m_AutoUVMaxAngle: 89
  m_LightmapParameters: {fileID: 0}
  m_SortingLayerID: 1772370181
  m_SortingLayer: 2
  m_SortingOrder: 5
  m_Sprite: {fileID: 21300000, guid: ee26424d1eff11448841f52892f03236, type: 3}
  m_Color: {r: 1, g: 0, b: 0, a: 1}
  m_FlipX: 0
  m_FlipY: 0
  m_DrawMode: 1
  m_Size: {x: 4.6, y: 1}
  m_AdaptiveModeThreshold: 0.5
  m_SpriteTileMode: 0
  m_WasSpriteAssigned: 1
  m_MaskInteraction: 0
  m_SpriteSortPoint: 0
--- !u!1001 &822905379821868899
PrefabInstance:
  m_ObjectHideFlags: 0
  serializedVersion: 2
  m_Modification:
    m_TransformParent: {fileID: 7726529330297060916}
    m_Modifications:
    - target: {fileID: 191130178723613860, guid: 59f05f3fd3986624bac9e9031b265465, type: 3}
      propertyPath: m_Name
      value: PosFloating
      objectReference: {fileID: 0}
    - target: {fileID: 7402266264389918552, guid: 59f05f3fd3986624bac9e9031b265465, type: 3}
      propertyPath: m_RootOrder
      value: 4
      objectReference: {fileID: 0}
    - target: {fileID: 7402266264389918552, guid: 59f05f3fd3986624bac9e9031b265465, type: 3}
      propertyPath: m_LocalPosition.x
      value: 0.57
      objectReference: {fileID: 0}
    - target: {fileID: 7402266264389918552, guid: 59f05f3fd3986624bac9e9031b265465, type: 3}
      propertyPath: m_LocalPosition.y
      value: 8.79
      objectReference: {fileID: 0}
    - target: {fileID: 7402266264389918552, guid: 59f05f3fd3986624bac9e9031b265465, type: 3}
      propertyPath: m_LocalPosition.z
      value: 0
      objectReference: {fileID: 0}
    - target: {fileID: 7402266264389918552, guid: 59f05f3fd3986624bac9e9031b265465, type: 3}
      propertyPath: m_LocalRotation.w
      value: 1
      objectReference: {fileID: 0}
    - target: {fileID: 7402266264389918552, guid: 59f05f3fd3986624bac9e9031b265465, type: 3}
      propertyPath: m_LocalRotation.x
      value: 0
      objectReference: {fileID: 0}
    - target: {fileID: 7402266264389918552, guid: 59f05f3fd3986624bac9e9031b265465, type: 3}
      propertyPath: m_LocalRotation.y
      value: 0
      objectReference: {fileID: 0}
    - target: {fileID: 7402266264389918552, guid: 59f05f3fd3986624bac9e9031b265465, type: 3}
      propertyPath: m_LocalRotation.z
      value: 0
      objectReference: {fileID: 0}
    - target: {fileID: 7402266264389918552, guid: 59f05f3fd3986624bac9e9031b265465, type: 3}
      propertyPath: m_LocalEulerAnglesHint.x
      value: 0
      objectReference: {fileID: 0}
    - target: {fileID: 7402266264389918552, guid: 59f05f3fd3986624bac9e9031b265465, type: 3}
      propertyPath: m_LocalEulerAnglesHint.y
      value: 0
      objectReference: {fileID: 0}
    - target: {fileID: 7402266264389918552, guid: 59f05f3fd3986624bac9e9031b265465, type: 3}
      propertyPath: m_LocalEulerAnglesHint.z
      value: 0
      objectReference: {fileID: 0}
    m_RemovedComponents: []
  m_SourcePrefab: {fileID: 100100000, guid: 59f05f3fd3986624bac9e9031b265465, type: 3}
--- !u!4 &7913297230429931579 stripped
Transform:
  m_CorrespondingSourceObject: {fileID: 7402266264389918552, guid: 59f05f3fd3986624bac9e9031b265465, type: 3}
  m_PrefabInstance: {fileID: 822905379821868899}
  m_PrefabAsset: {fileID: 0}
