%YAML 1.1
%TAG !u! tag:unity3d.com,2011:
--- !u!1 &1673392692112716985
GameObject:
  m_ObjectHideFlags: 0
  m_CorrespondingSourceObject: {fileID: 0}
  m_PrefabInstance: {fileID: 0}
  m_PrefabAsset: {fileID: 0}
  serializedVersion: 6
  m_Component:
  - component: {fileID: 7682958367511367328}
  - component: {fileID: 65759318437272152}
  - component: {fileID: 285169053624055456}
  m_Layer: 8
  m_Name: HealthBar
  m_TagString: Untagged
  m_Icon: {fileID: 0}
  m_NavMeshLayer: 0
  m_StaticEditorFlags: 0
  m_IsActive: 1
--- !u!4 &7682958367511367328
Transform:
  m_ObjectHideFlags: 0
  m_CorrespondingSourceObject: {fileID: 0}
  m_PrefabInstance: {fileID: 0}
  m_PrefabAsset: {fileID: 0}
  m_GameObject: {fileID: 1673392692112716985}
  m_LocalRotation: {x: 0, y: 0, z: 0, w: 1}
  m_LocalPosition: {x: 0, y: 4.48, z: 0}
  m_LocalScale: {x: 0.7, y: 0.4, z: 1}
  m_ConstrainProportionsScale: 0
  m_Children:
  - {fileID: 5279704262818805272}
  - {fileID: 3373885549650330216}
  m_Father: {fileID: 7726529330297060916}
  m_RootOrder: 1
  m_LocalEulerAnglesHint: {x: 0, y: 0, z: 0}
--- !u!212 &65759318437272152
SpriteRenderer:
  m_ObjectHideFlags: 0
  m_CorrespondingSourceObject: {fileID: 0}
  m_PrefabInstance: {fileID: 0}
  m_PrefabAsset: {fileID: 0}
  m_GameObject: {fileID: 1673392692112716985}
  m_Enabled: 1
  m_CastShadows: 0
  m_ReceiveShadows: 0
  m_DynamicOccludee: 1
  m_StaticShadowCaster: 0
  m_MotionVectors: 1
  m_LightProbeUsage: 1
  m_ReflectionProbeUsage: 1
  m_RayTracingMode: 0
  m_RayTraceProcedural: 0
  m_RenderingLayerMask: 1
  m_RendererPriority: 0
  m_Materials:
  - {fileID: 10754, guid: 0000000000000000f000000000000000, type: 0}
  m_StaticBatchInfo:
    firstSubMesh: 0
    subMeshCount: 0
  m_StaticBatchRoot: {fileID: 0}
  m_ProbeAnchor: {fileID: 0}
  m_LightProbeVolumeOverride: {fileID: 0}
  m_ScaleInLightmap: 1
  m_ReceiveGI: 1
  m_PreserveUVs: 0
  m_IgnoreNormalsForChartDetection: 0
  m_ImportantGI: 0
  m_StitchLightmapSeams: 1
  m_SelectedEditorRenderState: 0
  m_MinimumChartSize: 4
  m_AutoUVMaxDistance: 0.5
  m_AutoUVMaxAngle: 89
  m_LightmapParameters: {fileID: 0}
  m_SortingLayerID: 1772370181
  m_SortingLayer: 2
  m_SortingOrder: 3
  m_Sprite: {fileID: 21300000, guid: 8e639cd34790b0c43a2b64cccb423819, type: 3}
  m_Color: {r: 0, g: 0, b: 0, a: 1}
  m_FlipX: 0
  m_FlipY: 0
  m_DrawMode: 1
  m_Size: {x: 4.73, y: 1}
  m_AdaptiveModeThreshold: 0.5
  m_SpriteTileMode: 0
  m_WasSpriteAssigned: 0
  m_MaskInteraction: 0
  m_SpriteSortPoint: 0
--- !u!114 &285169053624055456
MonoBehaviour:
  m_ObjectHideFlags: 0
  m_CorrespondingSourceObject: {fileID: 0}
  m_PrefabInstance: {fileID: 0}
  m_PrefabAsset: {fileID: 0}
  m_GameObject: {fileID: 1673392692112716985}
  m_Enabled: 1
  m_EditorHideFlags: 0
  m_Script: {fileID: 11500000, guid: 25ef8e60c8ffcf5429efa8cf4920d937, type: 3}
  m_Name: 
  m_EditorClassIdentifier: 
  white: {fileID: 1894586098234644035}
  red: {fileID: 8581931929317912260}
  value: {fileID: 0}
--- !u!1 &1894586098234644035
GameObject:
  m_ObjectHideFlags: 0
  m_CorrespondingSourceObject: {fileID: 0}
  m_PrefabInstance: {fileID: 0}
  m_PrefabAsset: {fileID: 0}
  serializedVersion: 6
  m_Component:
  - component: {fileID: 5279704262818805272}
  - component: {fileID: 2128455353514303073}
  m_Layer: 8
  m_Name: Square (1)
  m_TagString: Untagged
  m_Icon: {fileID: 0}
  m_NavMeshLayer: 0
  m_StaticEditorFlags: 0
  m_IsActive: 1
--- !u!4 &5279704262818805272
Transform:
  m_ObjectHideFlags: 0
  m_CorrespondingSourceObject: {fileID: 0}
  m_PrefabInstance: {fileID: 0}
  m_PrefabAsset: {fileID: 0}
  m_GameObject: {fileID: 1894586098234644035}
  m_LocalRotation: {x: -0, y: -0, z: -0, w: 1}
  m_LocalPosition: {x: -2.3, y: 0, z: 0}
  m_LocalScale: {x: 1, y: 1, z: 1}
  m_ConstrainProportionsScale: 0
  m_Children: []
  m_Father: {fileID: 7682958367511367328}
  m_RootOrder: 0
  m_LocalEulerAnglesHint: {x: 0, y: 0, z: 0}
--- !u!212 &2128455353514303073
SpriteRenderer:
  m_ObjectHideFlags: 0
  m_CorrespondingSourceObject: {fileID: 0}
  m_PrefabInstance: {fileID: 0}
  m_PrefabAsset: {fileID: 0}
  m_GameObject: {fileID: 1894586098234644035}
  m_Enabled: 1
  m_CastShadows: 0
  m_ReceiveShadows: 0
  m_DynamicOccludee: 1
  m_StaticShadowCaster: 0
  m_MotionVectors: 1
  m_LightProbeUsage: 1
  m_ReflectionProbeUsage: 1
  m_RayTracingMode: 0
  m_RayTraceProcedural: 0
  m_RenderingLayerMask: 1
  m_RendererPriority: 0
  m_Materials:
  - {fileID: 10754, guid: 0000000000000000f000000000000000, type: 0}
  m_StaticBatchInfo:
    firstSubMesh: 0
    subMeshCount: 0
  m_StaticBatchRoot: {fileID: 0}
  m_ProbeAnchor: {fileID: 0}
  m_LightProbeVolumeOverride: {fileID: 0}
  m_ScaleInLightmap: 1
  m_ReceiveGI: 1
  m_PreserveUVs: 0
  m_IgnoreNormalsForChartDetection: 0
  m_ImportantGI: 0
  m_StitchLightmapSeams: 1
  m_SelectedEditorRenderState: 0
  m_MinimumChartSize: 4
  m_AutoUVMaxDistance: 0.5
  m_AutoUVMaxAngle: 89
  m_LightmapParameters: {fileID: 0}
  m_SortingLayerID: 1772370181
  m_SortingLayer: 2
  m_SortingOrder: 4
  m_Sprite: {fileID: 21300000, guid: ee26424d1eff11448841f52892f03236, type: 3}
  m_Color: {r: 1, g: 1, b: 1, a: 1}
  m_FlipX: 0
  m_FlipY: 0
  m_DrawMode: 1
  m_Size: {x: 4.6, y: 1}
  m_AdaptiveModeThreshold: 0.5
  m_SpriteTileMode: 0
  m_WasSpriteAssigned: 1
  m_MaskInteraction: 0
  m_SpriteSortPoint: 0
--- !u!1 &3806657852913929264
GameObject:
  m_ObjectHideFlags: 0
  m_CorrespondingSourceObject: {fileID: 0}
  m_PrefabInstance: {fileID: 0}
  m_PrefabAsset: {fileID: 0}
  serializedVersion: 6
  m_Component:
  - component: {fileID: 2611557279707738498}
  m_Layer: 8
  m_Name: HitPos
  m_TagString: Untagged
  m_Icon: {fileID: 0}
  m_NavMeshLayer: 0
  m_StaticEditorFlags: 0
  m_IsActive: 1
--- !u!4 &2611557279707738498
Transform:
  m_ObjectHideFlags: 0
  m_CorrespondingSourceObject: {fileID: 0}
  m_PrefabInstance: {fileID: 0}
  m_PrefabAsset: {fileID: 0}
  m_GameObject: {fileID: 3806657852913929264}
  m_LocalRotation: {x: 0, y: 0, z: 0, w: 1}
  m_LocalPosition: {x: -0.65, y: 2.48, z: 0}
  m_LocalScale: {x: 1, y: 1, z: 1}
  m_ConstrainProportionsScale: 0
  m_Children: []
  m_Father: {fileID: 7726529330297060916}
  m_RootOrder: 2
  m_LocalEulerAnglesHint: {x: 0, y: 0, z: 0}
--- !u!1 &4733016057575769070
GameObject:
  m_ObjectHideFlags: 0
  m_CorrespondingSourceObject: {fileID: 0}
  m_PrefabInstance: {fileID: 0}
  m_PrefabAsset: {fileID: 0}
  serializedVersion: 6
  m_Component:
  - component: {fileID: 4733016057575769061}
  - component: {fileID: 4733016057575769062}
  - component: {fileID: 4733016057575769063}
  - component: {fileID: 4733016057575769064}
  - component: {fileID: 4733016057575769066}
  m_Layer: 8
  m_Name: Enemy_Dog
  m_TagString: Untagged
  m_Icon: {fileID: 0}
  m_NavMeshLayer: 0
  m_StaticEditorFlags: 0
  m_IsActive: 1
--- !u!4 &4733016057575769061
Transform:
  m_ObjectHideFlags: 0
  m_CorrespondingSourceObject: {fileID: 0}
  m_PrefabInstance: {fileID: 0}
  m_PrefabAsset: {fileID: 0}
  m_GameObject: {fileID: 4733016057575769070}
  m_LocalRotation: {x: -0, y: -0, z: -0, w: 1}
  m_LocalPosition: {x: 0, y: 0, z: 0}
  m_LocalScale: {x: -1, y: 1, z: 1}
  m_ConstrainProportionsScale: 0
  m_Children:
  - {fileID: 6351701789921617409}
  m_Father: {fileID: 7726529330297060916}
  m_RootOrder: 0
  m_LocalEulerAnglesHint: {x: 0, y: 0, z: 0}
--- !u!33 &4733016057575769062
MeshFilter:
  m_ObjectHideFlags: 0
  m_CorrespondingSourceObject: {fileID: 0}
  m_PrefabInstance: {fileID: 0}
  m_PrefabAsset: {fileID: 0}
  m_GameObject: {fileID: 4733016057575769070}
  m_Mesh: {fileID: 0}
--- !u!23 &4733016057575769063
MeshRenderer:
  m_ObjectHideFlags: 0
  m_CorrespondingSourceObject: {fileID: 0}
  m_PrefabInstance: {fileID: 0}
  m_PrefabAsset: {fileID: 0}
  m_GameObject: {fileID: 4733016057575769070}
  m_Enabled: 1
  m_CastShadows: 1
  m_ReceiveShadows: 1
  m_DynamicOccludee: 1
  m_StaticShadowCaster: 0
  m_MotionVectors: 1
  m_LightProbeUsage: 1
  m_ReflectionProbeUsage: 1
  m_RayTracingMode: 2
  m_RayTraceProcedural: 0
  m_RenderingLayerMask: 1
  m_RendererPriority: 0
  m_Materials:
  - {fileID: 2100000, guid: 9f3d0fef99331b849b2370e249239252, type: 2}
  m_StaticBatchInfo:
    firstSubMesh: 0
    subMeshCount: 0
  m_StaticBatchRoot: {fileID: 0}
  m_ProbeAnchor: {fileID: 0}
  m_LightProbeVolumeOverride: {fileID: 0}
  m_ScaleInLightmap: 1
  m_ReceiveGI: 1
  m_PreserveUVs: 0
  m_IgnoreNormalsForChartDetection: 0
  m_ImportantGI: 0
  m_StitchLightmapSeams: 1
  m_SelectedEditorRenderState: 3
  m_MinimumChartSize: 4
  m_AutoUVMaxDistance: 0.5
  m_AutoUVMaxAngle: 89
  m_LightmapParameters: {fileID: 0}
  m_SortingLayerID: 1772370181
  m_SortingLayer: 2
  m_SortingOrder: 12
  m_AdditionalVertexStreams: {fileID: 0}
--- !u!114 &4733016057575769064
MonoBehaviour:
  m_ObjectHideFlags: 0
  m_CorrespondingSourceObject: {fileID: 0}
  m_PrefabInstance: {fileID: 0}
  m_PrefabAsset: {fileID: 0}
  m_GameObject: {fileID: 4733016057575769070}
  m_Enabled: 1
  m_EditorHideFlags: 0
  m_Script: {fileID: 11500000, guid: d247ba06193faa74d9335f5481b2b56c, type: 3}
  m_Name: 
  m_EditorClassIdentifier: 
  skeletonDataAsset: {fileID: 11400000, guid: 2c25f957d4a7ec14895db627d888e431, type: 2}
  initialSkinName: 1
  initialFlipX: 0
  initialFlipY: 0
  updateWhenInvisible: 3
  separatorSlotNames: []
  zSpacing: 0
  useClipping: 1
  immutableTriangles: 0
  pmaVertexColors: 1
  clearStateOnDisable: 0
  tintBlack: 0
  singleSubmesh: 0
  fixDrawOrder: 0
  addNormals: 0
  calculateTangents: 0
  maskInteraction: 0
  maskMaterials:
    materialsMaskDisabled: []
    materialsInsideMask: []
    materialsOutsideMask: []
  disableRenderingOnOverride: 1
  _animationName: idle
  loop: 0
  timeScale: 1
--- !u!114 &4733016057575769066
MonoBehaviour:
  m_ObjectHideFlags: 0
  m_CorrespondingSourceObject: {fileID: 0}
  m_PrefabInstance: {fileID: 0}
  m_PrefabAsset: {fileID: 0}
  m_GameObject: {fileID: 4733016057575769070}
  m_Enabled: 1
  m_EditorHideFlags: 0
  m_Script: {fileID: 11500000, guid: a26f91142a98cce47a4287cfcf0a48b9, type: 3}
  m_Name: 
  m_EditorClassIdentifier: 
  isQuery: 0
  queryIndexs: 
  autoKill: 0
  liveTime: 0
  OnSpawnEvent:
    m_PersistentCalls:
      m_Calls: []
  OnDespawnEvent:
    m_PersistentCalls:
      m_Calls: []
  id: 0
  anim: {fileID: 4733016057575769064}
  render: {fileID: 4733016057575769063}
  characterName: Enemy_4
  description: Enemy_4
  moveSpeed:
    _useConstant: 0
    _constantValue: 0
    _variable: {fileID: 0}
  visionRadius: 0
  safeZone: 0
  boneTay: {fileID: 0}
  ghost: {fileID: 0}
  spineData:
    dataAsset: {fileID: 11400000, guid: 2c25f957d4a7ec14895db627d888e431, type: 2}
    skeletonMaterial: {fileID: 2100000, guid: 9f3d0fef99331b849b2370e249239252, type: 2}
    skeAnim: {fileID: 4733016057575769064}
    skins:
    - default
    - 1
    - 2
    skinsNV: []
    skinsVK: []
    AllBones:
    - root
    - body
    - body2
    - body3
    - head
    - mouth_up
    - mouth_up2
    - mouth_down
    - mouth_down2
    - l_ear
    - l_ear2
    - r_ear
    - r_ear2
    - body4
    - tail
    - tail2
    - tail3
    - tail4
    - tail5
    - l_leg1
    - l_leg3
    - l_foot
    - r_leg1
    - r_leg3
    - r_foot
    - eye
    - l_arm1
    - l_arm3
    - l_hand
    - r_arm1
    - r_arm3
    - r_hand
    - mouth_down3
    - mouth_down4
    - mouth_up3
    - mouth_up4
    - collider
    - fx1
    - fx02
    - collider2
    - shadow
    boneDatas: []
  animInfos:
  - id: 0
    animDatas:
    - id: 0
      anim: {fileID: 11400000, guid: d128fbeff338ccf4593c359e895db921, type: 2}
      animEventNormal: 0
      animEvent: 0
      duration: 0
      effects: []
  - id: 1
    animDatas:
    - id: 1
      anim: {fileID: 11400000, guid: 4c9f1ef80feb8664d91cc9f0c78714e2, type: 2}
      animEventNormal: 0
      animEvent: 0
      duration: 0
      effects: []
  - id: 2
    animDatas:
    - id: 2
      anim: {fileID: 11400000, guid: a8ae3bbd2121456418b6c12347faafa2, type: 2}
      animEventNormal: 0
      animEvent: 0
      duration: 0
      effects: []
  - id: 3
    animDatas:
    - id: 3
      anim: {fileID: 11400000, guid: 50aef84b0a088ed45a454df23a4b825d, type: 2}
      animEventNormal: 0
      animEvent: 0
      duration: 0
      effects: []
  - id: 4
    animDatas:
    - id: 4
      anim: {fileID: 11400000, guid: 207432033a156d041a0bc4c4ecdcc53b, type: 2}
      animEventNormal: 0
      animEvent: 0
      duration: 0
      effects: []
  - id: 5
    animDatas:
    - id: 5
      anim: {fileID: 11400000, guid: ac556ec3b647e41488b40ab2ea8fe34b, type: 2}
      animEventNormal: 0
      animEvent: 0
      duration: 0
      effects: []
  - id: 6
    animDatas:
    - id: 6
      anim: {fileID: 11400000, guid: 207432033a156d041a0bc4c4ecdcc53b, type: 2}
      animEventNormal: 0
      animEvent: 0
      duration: 0
      effects: []
  - id: 12
    animDatas:
    - id: 12
      anim: {fileID: 11400000, guid: 207432033a156d041a0bc4c4ecdcc53b, type: 2}
      animEventNormal: 0
      animEvent: 0
      duration: 0
      effects: []
--- !u!1 &5391444740338946699
GameObject:
  m_ObjectHideFlags: 0
  m_CorrespondingSourceObject: {fileID: 0}
  m_PrefabInstance: {fileID: 0}
  m_PrefabAsset: {fileID: 0}
  serializedVersion: 6
  m_Component:
  - component: {fileID: 6351701789921617409}
  m_Layer: 8
  m_Name: Skin
  m_TagString: Untagged
  m_Icon: {fileID: 0}
  m_NavMeshLayer: 0
  m_StaticEditorFlags: 0
  m_IsActive: 1
--- !u!4 &6351701789921617409
Transform:
  m_ObjectHideFlags: 0
  m_CorrespondingSourceObject: {fileID: 0}
  m_PrefabInstance: {fileID: 0}
  m_PrefabAsset: {fileID: 0}
  m_GameObject: {fileID: 5391444740338946699}
  m_LocalRotation: {x: 0, y: 0, z: 0, w: 1}
  m_LocalPosition: {x: 0, y: 0, z: 0}
  m_LocalScale: {x: 1, y: 1, z: 1}
  m_ConstrainProportionsScale: 0
  m_Children: []
  m_Father: {fileID: 4733016057575769061}
  m_RootOrder: 0
  m_LocalEulerAnglesHint: {x: 0, y: 0, z: 0}
--- !u!1 &7726529330297060873
GameObject:
  m_ObjectHideFlags: 0
  m_CorrespondingSourceObject: {fileID: 0}
  m_PrefabInstance: {fileID: 0}
  m_PrefabAsset: {fileID: 0}
  serializedVersion: 6
  m_Component:
  - component: {fileID: 7726529330297060916}
  - component: {fileID: 7726529330297060917}
  - component: {fileID: 7726529330297060874}
  - component: {fileID: 7726529330297060875}
  - component: {fileID: 7726529330297060872}
  - component: {fileID: 7726529330297060919}
  m_Layer: 8
  m_Name: Enemy_Dog_1
  m_TagString: Enemy
  m_Icon: {fileID: 0}
  m_NavMeshLayer: 0
  m_StaticEditorFlags: 0
  m_IsActive: 1
--- !u!4 &7726529330297060916
Transform:
  m_ObjectHideFlags: 0
  m_CorrespondingSourceObject: {fileID: 0}
  m_PrefabInstance: {fileID: 0}
  m_PrefabAsset: {fileID: 0}
  m_GameObject: {fileID: 7726529330297060873}
  m_LocalRotation: {x: 0, y: 0, z: 0, w: 1}
  m_LocalPosition: {x: 0, y: 0, z: 0}
  m_LocalScale: {x: 0.6, y: 0.6, z: 0.6}
  m_ConstrainProportionsScale: 0
  m_Children:
  - {fileID: 4733016057575769061}
  - {fileID: 7682958367511367328}
  - {fileID: 2611557279707738498}
  - {fileID: 485648410271902176}
  m_Father: {fileID: 0}
  m_RootOrder: 0
  m_LocalEulerAnglesHint: {x: 0, y: 0, z: 0}
--- !u!70 &7726529330297060917
CapsuleCollider2D:
  m_ObjectHideFlags: 0
  m_CorrespondingSourceObject: {fileID: 0}
  m_PrefabInstance: {fileID: 0}
  m_PrefabAsset: {fileID: 0}
  m_GameObject: {fileID: 7726529330297060873}
  m_Enabled: 1
  m_Density: 1
  m_Material: {fileID: 0}
  m_IsTrigger: 1
  m_UsedByEffector: 0
  m_UsedByComposite: 0
  m_Offset: {x: -0.18336514, y: 1.8554242}
  m_Size: {x: 1.7452589, y: 3.745977}
  m_Direction: 0
--- !u!50 &7726529330297060874
Rigidbody2D:
  serializedVersion: 4
  m_ObjectHideFlags: 0
  m_CorrespondingSourceObject: {fileID: 0}
  m_PrefabInstance: {fileID: 0}
  m_PrefabAsset: {fileID: 0}
  m_GameObject: {fileID: 7726529330297060873}
  m_BodyType: 1
  m_Simulated: 1
  m_UseFullKinematicContacts: 0
  m_UseAutoMass: 0
  m_Mass: 1
  m_LinearDrag: 0
  m_AngularDrag: 0.05
  m_GravityScale: 0
  m_Material: {fileID: 0}
  m_Interpolate: 0
  m_SleepingMode: 1
  m_CollisionDetection: 0
  m_Constraints: 4
--- !u!114 &7726529330297060875
MonoBehaviour:
  m_ObjectHideFlags: 0
  m_CorrespondingSourceObject: {fileID: 0}
  m_PrefabInstance: {fileID: 0}
  m_PrefabAsset: {fileID: 0}
  m_GameObject: {fileID: 7726529330297060873}
  m_Enabled: 1
  m_EditorHideFlags: 0
  m_Script: {fileID: 11500000, guid: 83f16186e29606c4ba72ca1f88c07b57, type: 3}
  m_Name: 
  m_EditorClassIdentifier: 
  skin: {fileID: 4733016057575769066}
  anim: {fileID: 4733016057575769064}
--- !u!114 &7726529330297060872
MonoBehaviour:
  m_ObjectHideFlags: 0
  m_CorrespondingSourceObject: {fileID: 0}
  m_PrefabInstance: {fileID: 0}
  m_PrefabAsset: {fileID: 0}
  m_GameObject: {fileID: 7726529330297060873}
  m_Enabled: 1
  m_EditorHideFlags: 0
  m_Script: {fileID: 11500000, guid: ebb6c750059e8f844b0186183ce93c4f, type: 3}
  m_Name: 
  m_EditorClassIdentifier: 
  typeEnemy: 0
  healthBase: 7
  health: 100
  damage: 5.5
  healthConst: 0
  speed: 17
  speedBase: 15
  SpeedGrowingUp: 0
  RandomSpeed: 0
  distanceAttack: 6
  damageGiven: 0
  target: {fileID: 0}
  anim: {fileID: 7726529330297060875}
  pool: {fileID: 7726529330297060919}
  healthBar: {fileID: 285169053624055456}
  hitPos: {fileID: 2611557279707738498}
  timeInState: 0
  randomDistanceAttack: 0
  enemyState: 0
  capsuleCollider2D: {fileID: 7726529330297060917}
  targetComeTo: {x: 0, y: 0, z: 0}
  hitEffect: 800
  fxDie: 2200
  hitFx: {fileID: 0}
  meshRenderer: {fileID: 4733016057575769063}
  enemyStatsNormal: {fileID: 11400000, guid: f05cd375ab2e7434a92ee9730b154de4, type: 2}
  enemyStatsEndless:
    hp: 250
    atk: 10
  skinsEnemy:
  - 1
  - 2
  distanceAttackSkill: 0
  isRandomSkin: 0
  posFloatingHealth: {fileID: 485648410271902176}
  isDogEnemy: 1
--- !u!114 &7726529330297060919
MonoBehaviour:
  m_ObjectHideFlags: 0
  m_CorrespondingSourceObject: {fileID: 0}
  m_PrefabInstance: {fileID: 0}
  m_PrefabAsset: {fileID: 0}
  m_GameObject: {fileID: 7726529330297060873}
  m_Enabled: 1
  m_EditorHideFlags: 0
  m_Script: {fileID: 11500000, guid: 8380ce06fa9ecb949a96ea6cd0644f97, type: 3}
  m_Name: 
  m_EditorClassIdentifier: 
  isQuery: 0
  queryIndexs: 
  autoKill: 0
  liveTime: 0
  OnSpawnEvent:
    m_PersistentCalls:
      m_Calls: []
  OnDespawnEvent:
    m_PersistentCalls:
      m_Calls: []
  id: 625
--- !u!1 &8581931929317912260
GameObject:
  m_ObjectHideFlags: 0
  m_CorrespondingSourceObject: {fileID: 0}
  m_PrefabInstance: {fileID: 0}
  m_PrefabAsset: {fileID: 0}
  serializedVersion: 6
  m_Component:
  - component: {fileID: 3373885549650330216}
  - component: {fileID: 2103363909542862520}
  m_Layer: 8
  m_Name: Square (2)
  m_TagString: Untagged
  m_Icon: {fileID: 0}
  m_NavMeshLayer: 0
  m_StaticEditorFlags: 0
  m_IsActive: 1
--- !u!4 &3373885549650330216
Transform:
  m_ObjectHideFlags: 0
  m_CorrespondingSourceObject: {fileID: 0}
  m_PrefabInstance: {fileID: 0}
  m_PrefabAsset: {fileID: 0}
  m_GameObject: {fileID: 8581931929317912260}
  m_LocalRotation: {x: -0, y: -0, z: -0, w: 1}
  m_LocalPosition: {x: -2.2999992, y: 0, z: 0}
  m_LocalScale: {x: 1, y: 1, z: 1}
  m_ConstrainProportionsScale: 0
  m_Children: []
  m_Father: {fileID: 7682958367511367328}
  m_RootOrder: 1
  m_LocalEulerAnglesHint: {x: 0, y: 0, z: 0}
--- !u!212 &2103363909542862520
SpriteRenderer:
  m_ObjectHideFlags: 0
  m_CorrespondingSourceObject: {fileID: 0}
  m_PrefabInstance: {fileID: 0}
  m_PrefabAsset: {fileID: 0}
  m_GameObject: {fileID: 8581931929317912260}
  m_Enabled: 1
  m_CastShadows: 0
  m_ReceiveShadows: 0
  m_DynamicOccludee: 1
  m_StaticShadowCaster: 0
  m_MotionVectors: 1
  m_LightProbeUsage: 1
  m_ReflectionProbeUsage: 1
  m_RayTracingMode: 0
  m_RayTraceProcedural: 0
  m_RenderingLayerMask: 1
  m_RendererPriority: 0
  m_Materials:
  - {fileID: 10754, guid: 0000000000000000f000000000000000, type: 0}
  m_StaticBatchInfo:
    firstSubMesh: 0
    subMeshCount: 0
  m_StaticBatchRoot: {fileID: 0}
  m_ProbeAnchor: {fileID: 0}
  m_LightProbeVolumeOverride: {fileID: 0}
  m_ScaleInLightmap: 1
  m_ReceiveGI: 1
  m_PreserveUVs: 0
  m_IgnoreNormalsForChartDetection: 0
  m_ImportantGI: 0
  m_StitchLightmapSeams: 1
  m_SelectedEditorRenderState: 0
  m_MinimumChartSize: 4
  m_AutoUVMaxDistance: 0.5
  m_AutoUVMaxAngle: 89
  m_LightmapParameters: {fileID: 0}
  m_SortingLayerID: 1772370181
  m_SortingLayer: 2
  m_SortingOrder: 5
  m_Sprite: {fileID: 21300000, guid: ee26424d1eff11448841f52892f03236, type: 3}
  m_Color: {r: 1, g: 0, b: 0, a: 1}
  m_FlipX: 0
  m_FlipY: 0
  m_DrawMode: 1
  m_Size: {x: 4.6, y: 1}
  m_AdaptiveModeThreshold: 0.5
  m_SpriteTileMode: 0
  m_WasSpriteAssigned: 1
  m_MaskInteraction: 0
  m_SpriteSortPoint: 0
--- !u!1001 &6919639356167485112
PrefabInstance:
  m_ObjectHideFlags: 0
  serializedVersion: 2
  m_Modification:
    m_TransformParent: {fileID: 7726529330297060916}
    m_Modifications:
    - target: {fileID: 191130178723613860, guid: 59f05f3fd3986624bac9e9031b265465, type: 3}
      propertyPath: m_Name
      value: PosFloating
      objectReference: {fileID: 0}
    - target: {fileID: 7402266264389918552, guid: 59f05f3fd3986624bac9e9031b265465, type: 3}
      propertyPath: m_RootOrder
      value: 3
      objectReference: {fileID: 0}
    - target: {fileID: 7402266264389918552, guid: 59f05f3fd3986624bac9e9031b265465, type: 3}
      propertyPath: m_LocalPosition.x
      value: 0.53
      objectReference: {fileID: 0}
    - target: {fileID: 7402266264389918552, guid: 59f05f3fd3986624bac9e9031b265465, type: 3}
      propertyPath: m_LocalPosition.y
      value: 4.65
      objectReference: {fileID: 0}
    - target: {fileID: 7402266264389918552, guid: 59f05f3fd3986624bac9e9031b265465, type: 3}
      propertyPath: m_LocalPosition.z
      value: 0
      objectReference: {fileID: 0}
    - target: {fileID: 7402266264389918552, guid: 59f05f3fd3986624bac9e9031b265465, type: 3}
      propertyPath: m_LocalRotation.w
      value: 1
      objectReference: {fileID: 0}
    - target: {fileID: 7402266264389918552, guid: 59f05f3fd3986624bac9e9031b265465, type: 3}
      propertyPath: m_LocalRotation.x
      value: 0
      objectReference: {fileID: 0}
    - target: {fileID: 7402266264389918552, guid: 59f05f3fd3986624bac9e9031b265465, type: 3}
      propertyPath: m_LocalRotation.y
      value: 0
      objectReference: {fileID: 0}
    - target: {fileID: 7402266264389918552, guid: 59f05f3fd3986624bac9e9031b265465, type: 3}
      propertyPath: m_LocalRotation.z
      value: 0
      objectReference: {fileID: 0}
    - target: {fileID: 7402266264389918552, guid: 59f05f3fd3986624bac9e9031b265465, type: 3}
      propertyPath: m_LocalEulerAnglesHint.x
      value: 0
      objectReference: {fileID: 0}
    - target: {fileID: 7402266264389918552, guid: 59f05f3fd3986624bac9e9031b265465, type: 3}
      propertyPath: m_LocalEulerAnglesHint.y
      value: 0
      objectReference: {fileID: 0}
    - target: {fileID: 7402266264389918552, guid: 59f05f3fd3986624bac9e9031b265465, type: 3}
      propertyPath: m_LocalEulerAnglesHint.z
      value: 0
      objectReference: {fileID: 0}
    m_RemovedComponents: []
  m_SourcePrefab: {fileID: 100100000, guid: 59f05f3fd3986624bac9e9031b265465, type: 3}
--- !u!4 &485648410271902176 stripped
Transform:
  m_CorrespondingSourceObject: {fileID: 7402266264389918552, guid: 59f05f3fd3986624bac9e9031b265465, type: 3}
  m_PrefabInstance: {fileID: 6919639356167485112}
  m_PrefabAsset: {fileID: 0}
