%YAML 1.1
%TAG !u! tag:unity3d.com,2011:
--- !u!1 &2068832873695565741
GameObject:
  m_ObjectHideFlags: 0
  m_CorrespondingSourceObject: {fileID: 0}
  m_PrefabInstance: {fileID: 0}
  m_PrefabAsset: {fileID: 0}
  serializedVersion: 6
  m_Component:
  - component: {fileID: 2068832873695565735}
  - component: {fileID: 2068832873695565728}
  - component: {fileID: 2068832873695565729}
  - component: {fileID: 2068832873695565730}
  - component: {fileID: 2068832873695565731}
  - component: {fileID: 2068832873695565742}
  m_Layer: 8
  m_Name: BossSkel
  m_TagString: Enemy
  m_Icon: {fileID: 0}
  m_NavMeshLayer: 0
  m_StaticEditorFlags: 0
  m_IsActive: 1
--- !u!4 &2068832873695565735
Transform:
  m_ObjectHideFlags: 0
  m_CorrespondingSourceObject: {fileID: 0}
  m_PrefabInstance: {fileID: 0}
  m_PrefabAsset: {fileID: 0}
  m_GameObject: {fileID: 2068832873695565741}
  m_LocalRotation: {x: 0, y: 0, z: 0, w: 1}
  m_LocalPosition: {x: 0, y: 0, z: 1}
  m_LocalScale: {x: 2.5, y: 2.5, z: 1}
  m_ConstrainProportionsScale: 0
  m_Children:
  - {fileID: 2068832874295691338}
  - {fileID: 2068832874972831754}
  - {fileID: 2068832874885389608}
  m_Father: {fileID: 0}
  m_RootOrder: 0
  m_LocalEulerAnglesHint: {x: 0, y: 0, z: 0}
--- !u!70 &2068832873695565728
CapsuleCollider2D:
  m_ObjectHideFlags: 0
  m_CorrespondingSourceObject: {fileID: 0}
  m_PrefabInstance: {fileID: 0}
  m_PrefabAsset: {fileID: 0}
  m_GameObject: {fileID: 2068832873695565741}
  m_Enabled: 1
  m_Density: 1
  m_Material: {fileID: 0}
  m_IsTrigger: 1
  m_UsedByEffector: 0
  m_UsedByComposite: 0
  m_Offset: {x: -0.049797058, y: 2.34876}
  m_Size: {x: 1.3963466, y: 4.6019855}
  m_Direction: 0
--- !u!50 &2068832873695565729
Rigidbody2D:
  serializedVersion: 4
  m_ObjectHideFlags: 0
  m_CorrespondingSourceObject: {fileID: 0}
  m_PrefabInstance: {fileID: 0}
  m_PrefabAsset: {fileID: 0}
  m_GameObject: {fileID: 2068832873695565741}
  m_BodyType: 0
  m_Simulated: 1
  m_UseFullKinematicContacts: 0
  m_UseAutoMass: 0
  m_Mass: 1
  m_LinearDrag: 0
  m_AngularDrag: 0.05
  m_GravityScale: 0
  m_Material: {fileID: 0}
  m_Interpolate: 0
  m_SleepingMode: 1
  m_CollisionDetection: 0
  m_Constraints: 4
--- !u!114 &2068832873695565730
MonoBehaviour:
  m_ObjectHideFlags: 0
  m_CorrespondingSourceObject: {fileID: 0}
  m_PrefabInstance: {fileID: 0}
  m_PrefabAsset: {fileID: 0}
  m_GameObject: {fileID: 2068832873695565741}
  m_Enabled: 1
  m_EditorHideFlags: 0
  m_Script: {fileID: 11500000, guid: 83f16186e29606c4ba72ca1f88c07b57, type: 3}
  m_Name: 
  m_EditorClassIdentifier: 
  skin: {fileID: 2068832874295691337}
  anim: {fileID: 2068832874295691381}
--- !u!114 &2068832873695565731
MonoBehaviour:
  m_ObjectHideFlags: 0
  m_CorrespondingSourceObject: {fileID: 0}
  m_PrefabInstance: {fileID: 0}
  m_PrefabAsset: {fileID: 0}
  m_GameObject: {fileID: 2068832873695565741}
  m_Enabled: 1
  m_EditorHideFlags: 0
  m_Script: {fileID: 11500000, guid: 8380ce06fa9ecb949a96ea6cd0644f97, type: 3}
  m_Name: 
  m_EditorClassIdentifier: 
  isQuery: 0
  queryIndexs: 
  autoKill: 0
  liveTime: 0
  OnSpawnEvent:
    m_PersistentCalls:
      m_Calls: []
  OnDespawnEvent:
    m_PersistentCalls:
      m_Calls: []
  id: 2408
--- !u!114 &2068832873695565742
MonoBehaviour:
  m_ObjectHideFlags: 0
  m_CorrespondingSourceObject: {fileID: 0}
  m_PrefabInstance: {fileID: 0}
  m_PrefabAsset: {fileID: 0}
  m_GameObject: {fileID: 2068832873695565741}
  m_Enabled: 1
  m_EditorHideFlags: 0
  m_Script: {fileID: 11500000, guid: 51412748f12e54d49aecd58668d95793, type: 3}
  m_Name: 
  m_EditorClassIdentifier: 
  typeEnemy: 4
  healthBase: 250
  health: 0
  damage: 20
  healthConst: 0
  speed: 0
  speedBase: 16
  SpeedGrowingUp: 0
  RandomSpeed: 0
  distanceAttack: 12
  damageGiven: 0
  target: {fileID: 0}
  anim: {fileID: 2068832873695565730}
  pool: {fileID: 2068832873695565731}
  healthBar: {fileID: 2068832874972831753}
  hitPos: {fileID: 2068832874885389608}
  timeInState: 0
  randomDistanceAttack: 0
  enemyState: 0
  capsuleCollider2D: {fileID: 2068832873695565728}
  targetComeTo: {x: 0, y: 0, z: 0}
  hitEffect: 0
  fxDie: 0
  hitFx: {fileID: 0}
  meshRenderer: {fileID: 2068832874295691380}
  enemyStatsNormal: {fileID: 11400000, guid: 9d5286e416264574084001ff499f0e89, type: 2}
  enemyStatsEndless:
    hp: 0
    atk: 0
  skinsEnemy: []
  distanceAttackSkill: 0
  isRandomSkin: 0
  posFloatingHealth: {fileID: 0}
--- !u!1 &2068832874295691382
GameObject:
  m_ObjectHideFlags: 0
  m_CorrespondingSourceObject: {fileID: 0}
  m_PrefabInstance: {fileID: 0}
  m_PrefabAsset: {fileID: 0}
  serializedVersion: 6
  m_Component:
  - component: {fileID: 2068832874295691338}
  - component: {fileID: 2068832874295691339}
  - component: {fileID: 2068832874295691380}
  - component: {fileID: 2068832874295691381}
  - component: {fileID: 2068832874295691337}
  m_Layer: 0
  m_Name: BossSkel
  m_TagString: Untagged
  m_Icon: {fileID: 0}
  m_NavMeshLayer: 0
  m_StaticEditorFlags: 0
  m_IsActive: 1
--- !u!4 &2068832874295691338
Transform:
  m_ObjectHideFlags: 0
  m_CorrespondingSourceObject: {fileID: 0}
  m_PrefabInstance: {fileID: 0}
  m_PrefabAsset: {fileID: 0}
  m_GameObject: {fileID: 2068832874295691382}
  m_LocalRotation: {x: 0, y: 0, z: 0, w: 1}
  m_LocalPosition: {x: 0, y: 0, z: 0}
  m_LocalScale: {x: 0.5, y: 0.5, z: 1}
  m_ConstrainProportionsScale: 0
  m_Children: []
  m_Father: {fileID: 2068832873695565735}
  m_RootOrder: 0
  m_LocalEulerAnglesHint: {x: 0, y: 0, z: 0}
--- !u!33 &2068832874295691339
MeshFilter:
  m_ObjectHideFlags: 0
  m_CorrespondingSourceObject: {fileID: 0}
  m_PrefabInstance: {fileID: 0}
  m_PrefabAsset: {fileID: 0}
  m_GameObject: {fileID: 2068832874295691382}
  m_Mesh: {fileID: 0}
--- !u!23 &2068832874295691380
MeshRenderer:
  m_ObjectHideFlags: 0
  m_CorrespondingSourceObject: {fileID: 0}
  m_PrefabInstance: {fileID: 0}
  m_PrefabAsset: {fileID: 0}
  m_GameObject: {fileID: 2068832874295691382}
  m_Enabled: 1
  m_CastShadows: 1
  m_ReceiveShadows: 1
  m_DynamicOccludee: 1
  m_StaticShadowCaster: 0
  m_MotionVectors: 1
  m_LightProbeUsage: 1
  m_ReflectionProbeUsage: 1
  m_RayTracingMode: 2
  m_RayTraceProcedural: 0
  m_RenderingLayerMask: 1
  m_RendererPriority: 0
  m_Materials:
  - {fileID: 2100000, guid: a234233306630ec408747f0f0d9965e0, type: 2}
  m_StaticBatchInfo:
    firstSubMesh: 0
    subMeshCount: 0
  m_StaticBatchRoot: {fileID: 0}
  m_ProbeAnchor: {fileID: 0}
  m_LightProbeVolumeOverride: {fileID: 0}
  m_ScaleInLightmap: 1
  m_ReceiveGI: 1
  m_PreserveUVs: 0
  m_IgnoreNormalsForChartDetection: 0
  m_ImportantGI: 0
  m_StitchLightmapSeams: 1
  m_SelectedEditorRenderState: 3
  m_MinimumChartSize: 4
  m_AutoUVMaxDistance: 0.5
  m_AutoUVMaxAngle: 89
  m_LightmapParameters: {fileID: 0}
  m_SortingLayerID: 1772370181
  m_SortingLayer: 2
  m_SortingOrder: 10
  m_AdditionalVertexStreams: {fileID: 0}
--- !u!114 &2068832874295691381
MonoBehaviour:
  m_ObjectHideFlags: 0
  m_CorrespondingSourceObject: {fileID: 0}
  m_PrefabInstance: {fileID: 0}
  m_PrefabAsset: {fileID: 0}
  m_GameObject: {fileID: 2068832874295691382}
  m_Enabled: 1
  m_EditorHideFlags: 0
  m_Script: {fileID: 11500000, guid: d247ba06193faa74d9335f5481b2b56c, type: 3}
  m_Name: 
  m_EditorClassIdentifier: 
  skeletonDataAsset: {fileID: 11400000, guid: 3c891f22df6f69644b6fb60a3499655c, type: 2}
  initialSkinName: 
  initialFlipX: 0
  initialFlipY: 0
  updateWhenInvisible: 3
  separatorSlotNames: []
  zSpacing: 0
  useClipping: 1
  immutableTriangles: 0
  pmaVertexColors: 1
  clearStateOnDisable: 0
  tintBlack: 0
  singleSubmesh: 0
  fixDrawOrder: 0
  addNormals: 0
  calculateTangents: 0
  maskInteraction: 0
  maskMaterials:
    materialsMaskDisabled: []
    materialsInsideMask: []
    materialsOutsideMask: []
  disableRenderingOnOverride: 1
  _animationName: idle
  loop: 0
  timeScale: 1
--- !u!114 &2068832874295691337
MonoBehaviour:
  m_ObjectHideFlags: 0
  m_CorrespondingSourceObject: {fileID: 0}
  m_PrefabInstance: {fileID: 0}
  m_PrefabAsset: {fileID: 0}
  m_GameObject: {fileID: 2068832874295691382}
  m_Enabled: 1
  m_EditorHideFlags: 0
  m_Script: {fileID: 11500000, guid: a26f91142a98cce47a4287cfcf0a48b9, type: 3}
  m_Name: 
  m_EditorClassIdentifier: 
  isQuery: 0
  queryIndexs: 
  autoKill: 0
  liveTime: 0
  OnSpawnEvent:
    m_PersistentCalls:
      m_Calls: []
  OnDespawnEvent:
    m_PersistentCalls:
      m_Calls: []
  id: 0
  anim: {fileID: 2068832874295691381}
  render: {fileID: 0}
  characterName: None
  description: 
  moveSpeed:
    _useConstant: 0
    _constantValue: 0
    _variable: {fileID: 0}
  visionRadius: 0
  safeZone: 0
  boneTay: {fileID: 0}
  ghost: {fileID: 0}
  spineData:
    dataAsset: {fileID: 11400000, guid: 3c891f22df6f69644b6fb60a3499655c, type: 2}
    skeletonMaterial: {fileID: 2100000, guid: a234233306630ec408747f0f0d9965e0, type: 2}
    skeAnim: {fileID: 2068832874295691381}
    skins:
    - default
    skinsNV: []
    skinsVK: []
    AllBones:
    - root
    - hip2
    - hip
    - body
    - body3
    - neck
    - head1
    - head3
    - head4
    - R_arm1
    - R_arn2
    - R1
    - R2
    - R3
    - L_arm1
    - L_arm3
    - L_hand
    - L_leg1
    - L_leg3
    - bone
    - bone2
    - bone3
    - bone4
    - R_leg1
    - R_leg3
    - FX
    - Fx2
    boneDatas: []
  animInfos:
  - id: 0
    animDatas:
    - id: 0
      anim: {fileID: 11400000, guid: 564b0e96d9d8c6a499d93a2ed3bbdc5e, type: 2}
      animEventNormal: 0
      animEvent: 0
      duration: 0
      effects: []
  - id: 1
    animDatas:
    - id: 1
      anim: {fileID: 11400000, guid: f56c26530fecd43489fc38b92e2a00ab, type: 2}
      animEventNormal: 0
      animEvent: 0
      duration: 0
      effects: []
  - id: 20
    animDatas:
    - id: 20
      anim: {fileID: 11400000, guid: 6824e050a0521e3409d31f9e67c53767, type: 2}
      animEventNormal: 0
      animEvent: 0
      duration: 0
      effects: []
  - id: 2
    animDatas:
    - id: 2
      anim: {fileID: 11400000, guid: 4bd6dd9c8a4c01c4fb4aee338ceef658, type: 2}
      animEventNormal: 0
      animEvent: 0
      duration: 0
      effects: []
  - id: 3
    animDatas:
    - id: 3
      anim: {fileID: 11400000, guid: 76a9679323f1df440bdca78c2a1a38ac, type: 2}
      animEventNormal: 0
      animEvent: 0
      duration: 0
      effects: []
  - id: 4
    animDatas:
    - id: 4
      anim: {fileID: 11400000, guid: 9a8ec1e0d2a0a09489041b162ea3cbf8, type: 2}
      animEventNormal: 0
      animEvent: 0
      duration: 0
      effects: []
  - id: 5
    animDatas:
    - id: 5
      anim: {fileID: 11400000, guid: 81b637a119c71e44bb5b5cfe1b245104, type: 2}
      animEventNormal: 0
      animEvent: 0
      duration: 0
      effects: []
  - id: 6
    animDatas:
    - id: 6
      anim: {fileID: 11400000, guid: 9a8ec1e0d2a0a09489041b162ea3cbf8, type: 2}
      animEventNormal: 0
      animEvent: 0
      duration: 0
      effects: []
  - id: 12
    animDatas:
    - id: 12
      anim: {fileID: 11400000, guid: 9a8ec1e0d2a0a09489041b162ea3cbf8, type: 2}
      animEventNormal: 0
      animEvent: 0
      duration: 0
      effects: []
--- !u!1 &2068832874885389609
GameObject:
  m_ObjectHideFlags: 0
  m_CorrespondingSourceObject: {fileID: 0}
  m_PrefabInstance: {fileID: 0}
  m_PrefabAsset: {fileID: 0}
  serializedVersion: 6
  m_Component:
  - component: {fileID: 2068832874885389608}
  m_Layer: 8
  m_Name: HitPos
  m_TagString: Untagged
  m_Icon: {fileID: 0}
  m_NavMeshLayer: 0
  m_StaticEditorFlags: 0
  m_IsActive: 1
--- !u!4 &2068832874885389608
Transform:
  m_ObjectHideFlags: 0
  m_CorrespondingSourceObject: {fileID: 0}
  m_PrefabInstance: {fileID: 0}
  m_PrefabAsset: {fileID: 0}
  m_GameObject: {fileID: 2068832874885389609}
  m_LocalRotation: {x: -0, y: -0, z: -0, w: 1}
  m_LocalPosition: {x: -0.65, y: 2.21, z: -1}
  m_LocalScale: {x: 1, y: 1, z: 1}
  m_ConstrainProportionsScale: 0
  m_Children: []
  m_Father: {fileID: 2068832873695565735}
  m_RootOrder: 2
  m_LocalEulerAnglesHint: {x: 0, y: 0, z: 0}
--- !u!1 &2068832874972831755
GameObject:
  m_ObjectHideFlags: 0
  m_CorrespondingSourceObject: {fileID: 0}
  m_PrefabInstance: {fileID: 0}
  m_PrefabAsset: {fileID: 0}
  serializedVersion: 6
  m_Component:
  - component: {fileID: 2068832874972831754}
  - component: {fileID: 2068832874972831752}
  - component: {fileID: 2068832874972831753}
  m_Layer: 8
  m_Name: HealthBar
  m_TagString: Untagged
  m_Icon: {fileID: 0}
  m_NavMeshLayer: 0
  m_StaticEditorFlags: 0
  m_IsActive: 1
--- !u!4 &2068832874972831754
Transform:
  m_ObjectHideFlags: 0
  m_CorrespondingSourceObject: {fileID: 0}
  m_PrefabInstance: {fileID: 0}
  m_PrefabAsset: {fileID: 0}
  m_GameObject: {fileID: 2068832874972831755}
  m_LocalRotation: {x: -0, y: -0, z: -0, w: 1}
  m_LocalPosition: {x: 0, y: 4.97, z: -1}
  m_LocalScale: {x: 0.7, y: 0.4, z: 1}
  m_ConstrainProportionsScale: 0
  m_Children:
  - {fileID: 2068832875016937963}
  - {fileID: 2068832875354943363}
  m_Father: {fileID: 2068832873695565735}
  m_RootOrder: 1
  m_LocalEulerAnglesHint: {x: 0, y: 0, z: 0}
--- !u!212 &2068832874972831752
SpriteRenderer:
  m_ObjectHideFlags: 0
  m_CorrespondingSourceObject: {fileID: 0}
  m_PrefabInstance: {fileID: 0}
  m_PrefabAsset: {fileID: 0}
  m_GameObject: {fileID: 2068832874972831755}
  m_Enabled: 1
  m_CastShadows: 0
  m_ReceiveShadows: 0
  m_DynamicOccludee: 1
  m_StaticShadowCaster: 0
  m_MotionVectors: 1
  m_LightProbeUsage: 1
  m_ReflectionProbeUsage: 1
  m_RayTracingMode: 0
  m_RayTraceProcedural: 0
  m_RenderingLayerMask: 1
  m_RendererPriority: 0
  m_Materials:
  - {fileID: 10754, guid: 0000000000000000f000000000000000, type: 0}
  m_StaticBatchInfo:
    firstSubMesh: 0
    subMeshCount: 0
  m_StaticBatchRoot: {fileID: 0}
  m_ProbeAnchor: {fileID: 0}
  m_LightProbeVolumeOverride: {fileID: 0}
  m_ScaleInLightmap: 1
  m_ReceiveGI: 1
  m_PreserveUVs: 0
  m_IgnoreNormalsForChartDetection: 0
  m_ImportantGI: 0
  m_StitchLightmapSeams: 1
  m_SelectedEditorRenderState: 0
  m_MinimumChartSize: 4
  m_AutoUVMaxDistance: 0.5
  m_AutoUVMaxAngle: 89
  m_LightmapParameters: {fileID: 0}
  m_SortingLayerID: 1772370181
  m_SortingLayer: 2
  m_SortingOrder: 3
  m_Sprite: {fileID: 21300000, guid: 8e639cd34790b0c43a2b64cccb423819, type: 3}
  m_Color: {r: 0, g: 0, b: 0, a: 1}
  m_FlipX: 0
  m_FlipY: 0
  m_DrawMode: 1
  m_Size: {x: 4.73, y: 1}
  m_AdaptiveModeThreshold: 0.5
  m_SpriteTileMode: 0
  m_WasSpriteAssigned: 0
  m_MaskInteraction: 0
  m_SpriteSortPoint: 0
--- !u!114 &2068832874972831753
MonoBehaviour:
  m_ObjectHideFlags: 0
  m_CorrespondingSourceObject: {fileID: 0}
  m_PrefabInstance: {fileID: 0}
  m_PrefabAsset: {fileID: 0}
  m_GameObject: {fileID: 2068832874972831755}
  m_Enabled: 1
  m_EditorHideFlags: 0
  m_Script: {fileID: 11500000, guid: 25ef8e60c8ffcf5429efa8cf4920d937, type: 3}
  m_Name: 
  m_EditorClassIdentifier: 
  white: {fileID: 2068832875016937876}
  red: {fileID: 2068832875354943372}
  value: {fileID: 0}
--- !u!1 &2068832875016937876
GameObject:
  m_ObjectHideFlags: 0
  m_CorrespondingSourceObject: {fileID: 0}
  m_PrefabInstance: {fileID: 0}
  m_PrefabAsset: {fileID: 0}
  serializedVersion: 6
  m_Component:
  - component: {fileID: 2068832875016937963}
  - component: {fileID: 2068832875016937962}
  m_Layer: 8
  m_Name: Square (1)
  m_TagString: Untagged
  m_Icon: {fileID: 0}
  m_NavMeshLayer: 0
  m_StaticEditorFlags: 0
  m_IsActive: 1
--- !u!4 &2068832875016937963
Transform:
  m_ObjectHideFlags: 0
  m_CorrespondingSourceObject: {fileID: 0}
  m_PrefabInstance: {fileID: 0}
  m_PrefabAsset: {fileID: 0}
  m_GameObject: {fileID: 2068832875016937876}
  m_LocalRotation: {x: -0, y: -0, z: -0, w: 1}
  m_LocalPosition: {x: -2.3, y: 0, z: 0}
  m_LocalScale: {x: 1, y: 1, z: 1}
  m_ConstrainProportionsScale: 0
  m_Children: []
  m_Father: {fileID: 2068832874972831754}
  m_RootOrder: 0
  m_LocalEulerAnglesHint: {x: 0, y: 0, z: 0}
--- !u!212 &2068832875016937962
SpriteRenderer:
  m_ObjectHideFlags: 0
  m_CorrespondingSourceObject: {fileID: 0}
  m_PrefabInstance: {fileID: 0}
  m_PrefabAsset: {fileID: 0}
  m_GameObject: {fileID: 2068832875016937876}
  m_Enabled: 1
  m_CastShadows: 0
  m_ReceiveShadows: 0
  m_DynamicOccludee: 1
  m_StaticShadowCaster: 0
  m_MotionVectors: 1
  m_LightProbeUsage: 1
  m_ReflectionProbeUsage: 1
  m_RayTracingMode: 0
  m_RayTraceProcedural: 0
  m_RenderingLayerMask: 1
  m_RendererPriority: 0
  m_Materials:
  - {fileID: 10754, guid: 0000000000000000f000000000000000, type: 0}
  m_StaticBatchInfo:
    firstSubMesh: 0
    subMeshCount: 0
  m_StaticBatchRoot: {fileID: 0}
  m_ProbeAnchor: {fileID: 0}
  m_LightProbeVolumeOverride: {fileID: 0}
  m_ScaleInLightmap: 1
  m_ReceiveGI: 1
  m_PreserveUVs: 0
  m_IgnoreNormalsForChartDetection: 0
  m_ImportantGI: 0
  m_StitchLightmapSeams: 1
  m_SelectedEditorRenderState: 0
  m_MinimumChartSize: 4
  m_AutoUVMaxDistance: 0.5
  m_AutoUVMaxAngle: 89
  m_LightmapParameters: {fileID: 0}
  m_SortingLayerID: 1772370181
  m_SortingLayer: 2
  m_SortingOrder: 4
  m_Sprite: {fileID: 21300000, guid: ee26424d1eff11448841f52892f03236, type: 3}
  m_Color: {r: 1, g: 1, b: 1, a: 1}
  m_FlipX: 0
  m_FlipY: 0
  m_DrawMode: 1
  m_Size: {x: 4.6, y: 1}
  m_AdaptiveModeThreshold: 0.5
  m_SpriteTileMode: 0
  m_WasSpriteAssigned: 1
  m_MaskInteraction: 0
  m_SpriteSortPoint: 0
--- !u!1 &2068832875354943372
GameObject:
  m_ObjectHideFlags: 0
  m_CorrespondingSourceObject: {fileID: 0}
  m_PrefabInstance: {fileID: 0}
  m_PrefabAsset: {fileID: 0}
  serializedVersion: 6
  m_Component:
  - component: {fileID: 2068832875354943363}
  - component: {fileID: 2068832875354943362}
  m_Layer: 8
  m_Name: Square (2)
  m_TagString: Untagged
  m_Icon: {fileID: 0}
  m_NavMeshLayer: 0
  m_StaticEditorFlags: 0
  m_IsActive: 1
--- !u!4 &2068832875354943363
Transform:
  m_ObjectHideFlags: 0
  m_CorrespondingSourceObject: {fileID: 0}
  m_PrefabInstance: {fileID: 0}
  m_PrefabAsset: {fileID: 0}
  m_GameObject: {fileID: 2068832875354943372}
  m_LocalRotation: {x: -0, y: -0, z: -0, w: 1}
  m_LocalPosition: {x: -2.2999992, y: 0, z: 0}
  m_LocalScale: {x: 1, y: 1, z: 1}
  m_ConstrainProportionsScale: 0
  m_Children: []
  m_Father: {fileID: 2068832874972831754}
  m_RootOrder: 1
  m_LocalEulerAnglesHint: {x: 0, y: 0, z: 0}
--- !u!212 &2068832875354943362
SpriteRenderer:
  m_ObjectHideFlags: 0
  m_CorrespondingSourceObject: {fileID: 0}
  m_PrefabInstance: {fileID: 0}
  m_PrefabAsset: {fileID: 0}
  m_GameObject: {fileID: 2068832875354943372}
  m_Enabled: 1
  m_CastShadows: 0
  m_ReceiveShadows: 0
  m_DynamicOccludee: 1
  m_StaticShadowCaster: 0
  m_MotionVectors: 1
  m_LightProbeUsage: 1
  m_ReflectionProbeUsage: 1
  m_RayTracingMode: 0
  m_RayTraceProcedural: 0
  m_RenderingLayerMask: 1
  m_RendererPriority: 0
  m_Materials:
  - {fileID: 10754, guid: 0000000000000000f000000000000000, type: 0}
  m_StaticBatchInfo:
    firstSubMesh: 0
    subMeshCount: 0
  m_StaticBatchRoot: {fileID: 0}
  m_ProbeAnchor: {fileID: 0}
  m_LightProbeVolumeOverride: {fileID: 0}
  m_ScaleInLightmap: 1
  m_ReceiveGI: 1
  m_PreserveUVs: 0
  m_IgnoreNormalsForChartDetection: 0
  m_ImportantGI: 0
  m_StitchLightmapSeams: 1
  m_SelectedEditorRenderState: 0
  m_MinimumChartSize: 4
  m_AutoUVMaxDistance: 0.5
  m_AutoUVMaxAngle: 89
  m_LightmapParameters: {fileID: 0}
  m_SortingLayerID: 1772370181
  m_SortingLayer: 2
  m_SortingOrder: 5
  m_Sprite: {fileID: 21300000, guid: ee26424d1eff11448841f52892f03236, type: 3}
  m_Color: {r: 1, g: 0, b: 0, a: 1}
  m_FlipX: 0
  m_FlipY: 0
  m_DrawMode: 1
  m_Size: {x: 4.6, y: 1}
  m_AdaptiveModeThreshold: 0.5
  m_SpriteTileMode: 0
  m_WasSpriteAssigned: 1
  m_MaskInteraction: 0
  m_SpriteSortPoint: 0
